<?xml version="1.0" encoding="UTF-8"?><record xmlns="http://www.loc.gov/MARC21/slim" xmlns:cinclude="http://apache.org/cocoon/include/1.0" xmlns:zs="http://www.loc.gov/zing/srw/">
  <leader>00437nz  a2200133n  4500</leader>
  <controlfield tag="001">nr2001012120</controlfield>
  <controlfield tag="003">DLC</controlfield>
  <controlfield tag="005">20010406033131.0</controlfield>
  <controlfield tag="008">010404n| acannaabn          |a aaa     c</controlfield>
  <datafield tag="010" ind1=" " ind2=" ">
    <subfield code="a">nr2001012120</subfield>
  </datafield>
  <datafield tag="040" ind1=" " ind2=" ">
    <subfield code="a">CtY</subfield>
    <subfield code="b">eng</subfield>
    <subfield code="c">CtY</subfield>
  </datafield>
  <datafield tag="100" ind1="1" ind2=" ">
    <subfield code="a">Kochetkova, E. M.</subfield>
    <subfield code="q">(Elena Mikhaĭlovna)</subfield>
  </datafield>
  <datafield tag="400" ind1="1" ind2=" ">
    <subfield code="a">Kochetkova, Elena Mikhaĭlovna</subfield>
  </datafield>
  <datafield tag="670" ind1=" " ind2=" ">
    <subfield code="a">Monety Khersonesa Tavricheskogo ... 1999:</subfield>
    <subfield code="b">t.p. (E.M. Kochetkova) colophon (Elena Mikhaĭlovna Kochetkova)</subfield>
  </datafield>
</record>